<?xml version="1.0" encoding="UTF-8"?><collection xmlns="http://www.loc.gov/MARC21/slim"><record><leader>00618nam--2200181-u-4500</leader><controlfield tag="001">000056312</controlfield><controlfield tag="002">20161230</controlfield><controlfield tag="005">20161230201052</controlfield><controlfield tag="008">150416s1000------------r-----000-0-eng-d</controlfield><datafield ind1=" " ind2=" " tag="040"><subfield code="a">IFIN-HH</subfield></datafield><datafield ind1="1" ind2=" " tag="100"><subfield code="a">Oane, M</subfield></datafield><datafield ind1="1" ind2="0" tag="245"><subfield code="a">Charged particle beams processing versus laser processing. the mathematics behind processing phenomena. particle beams vs. laser processing</subfield><subfield code="c">Mihai oane, dorina ticos, catalin mihai ticos</subfield></datafield><datafield ind1=" " ind2=" " tag="260"><subfield code="a">Saarbrucken, Germany</subfield><subfield code="b">Omniscriptum</subfield><subfield code="c">2015</subfield></datafield><datafield ind1=" " ind2=" " tag="300"><subfield code="a">116P</subfield></datafield><datafield ind1=" " ind2=" " tag="490"><subfield code="a">Scholars' Press</subfield></datafield><datafield ind1="1" ind2=" " tag="700"><subfield code="a">Ticos, Catalin Mihai</subfield></datafield><datafield ind1=" " ind2=" " tag="852"><subfield code="a">82396</subfield><subfield code="c">621.375.9</subfield></datafield><datafield ind1=" " ind2=" " tag="CAT"><subfield code="a">Sys</subfield><subfield code="c">20150610</subfield><subfield code="h">091226</subfield></datafield></record></collection>